% This file was created with JabRef 2.3.1.
% Encoding: ISO8859_1

@MISC{ugc:homepage,
  author = {{AIAA Meshing, Visualization, and Computational Environments Technical
	Committee}},
  title = {{U}nstructured {G}rid {C}onsortium {H}omepage},
  howpublished = {\url{http://www.aiaa.org/tc/mvce/ugc/}},
  month = {March},
  year = {2002},
  note = {Version 1.0},
  key = {Unstructured Grid Consortium Homepage}
}

@BOOK{AiOd00,
  title = {A Posteriori Error Estimation in Finite Element Analysis},
  publisher = {Wiley-Interscience, John Wiley and Sons},
  year = {2000},
  author = {Ainsworth, M. and Oden, J.T.}
}

@INPROCEEDINGS{ipdps2004:odepackpp,
  author = {B. A. Allan and S. Lefantzi and J. Ray},
  title = {{ODEPACK++}: Refactoring the {LSODE} {Fortran} library for use in
	the {CCA} high performance component software architecture},
  booktitle = {Proceedings of the 9th International Workshop on High-Level Parallel
	Programming Models and Supportive Environments (HIPS 2004)},
  year = {2004},
  address = {Santa Fe, NM},
  month = {April},
  publisher = {IEEE Press}
}

@BOOK{AsPe98,
  title = { Computer Methods for Ordinary Differential Equations and Differential-Algebraic
	Equations},
  publisher = {SIAM},
  year = {1998},
  author = {Ascher, U and Petzold, L.},
  address = {Philadelphia}
}

@BOOK{BaSt01,
  title = {The Reliability of the FE Method},
  publisher = {Oxford Press},
  year = {2001},
  author = {Babuska, I. and Strouboulis T.}
}

@MISC{petsc,
  author = {Balay, S. and Buschelman, K. and Gropp, W.D. Kaushik, D. and Knepley,
	M. and McInnes, L.C. Smith, B.F. and Zhang, H.},
  title = {{PETSc} home page},
  howpublished = {\url{http://www.mcs.anl.gov/petsc}},
  year = {2004}
}

@INCOLLECTION{BaGr97,
  author = {Balay, S. and Gropp, W.D. and McInnes, L.C. and Smith, B.F.},
  title = {Efficient Management of Parallelism in Object-Oriented Numerical
	Software Libraries},
  booktitle = {Modern Software Tools in Scientific Computing},
  publisher = {Birkhauser Press},
  year = {1997},
  editor = {E. Arge, A.M. Bruaset and H.P. Langtangen},
  pages = {163-202},
  address = {Basel, Switzerland}
}

@INCOLLECTION{BaRa03,
  author = {Bangerth, W. and Rannacher, R.},
  title = {Adaptive Finite Element Methods for Differential Equations},
  booktitle = {Lectures in Mathematics VIII},
  publisher = {Birkhauser},
  year = {2003},
  volume = {207}
}

@ARTICLE{BeSh99,
  author = {Beall, M.W. and Shephard, M.S.},
  title = {An Object-Oriented Framework for Reliable Numerical Simulations},
  journal = {Engineering with Computers},
  year = {1999},
  volume = {15},
  pages = {61-72},
  number = {1}
}

@ARTICLE{BeSh97,
  author = {Beall, M.W. and Shephard, M.S.},
  title = {A General Topology-Based Mesh Data Structure},
  journal = {International Journal of Numerical Methods in Engineering},
  year = {1997},
  volume = {40},
  pages = {1573-1596},
  number = {9}
}

@ARTICLE{BeWa04,
  author = {Beall, M.W. and Walsh, J. and Shephard, M.S.},
  title = {Accessing {CAD} Geometry for Mesh Generation},
  journal = {Engineering with Computers},
  year = {2004},
  volume = {20},
  pages = {210-221},
  number = {3}
}

@BOOK{BeSo83,
  title = {Euclidean Tensor Calculus with Applications},
  publisher = {Abacus Press},
  year = {1983},
  author = {Beju, I. and Soos, E. and Teodorescu}
}

@INPROCEEDINGS{cca-paper,
  author = {D. Bernholdt and B. Allan and R. Armstrong and F. Bertrand and K.
	Chiu and T. Dahlgren and K. Damevski and W. Elwasif and T. Epperly
	and M. Govindaraju and D. Katz and J. Kohl and M. Krishnan and G.
	Kumfert and J. Larson and S. Lefantzi and M. Lewis and A. Malony
	and L. McInnes and J. Nieplocha and B. Norris and S. Parker and J.
	Ray and S. Shende and T. Windus and S. Zhou},
  title = {A Component Architecture for High-Performance Scientific Computing},
  booktitle = {to appear in the International Journal of High Performance Computing
	Applications, {ACTS} Collection Special Issue},
  year = {2005}
}

@MISC{Zoltan,
  author = {Erik Boman and Karen Devine and Lee Ann Fisk and Robert Heaphy and
	Bruce Hendrickson and Vitus Leung and Courtenay Vaughan and Umit
	Catalyurek and Doruk Bozdag and William Mitchell},
  title = {{Zoltan} home page},
  howpublished = {\url{http://www.cs.sandia.gov/Zoltan}},
  year = {1999--2007},
  owner = {cfog},
  timestamp = {2008.06.09}
}

@INPROCEEDINGS{Mesquite03,
  author = {Michael Brewer and Lori Freitag Diachin and Patrick Knupp and Thomas
	Leurent and Darryl Melander},
  title = {The {M}esquite Mesh Quality Improvement Toolkit},
  booktitle = {12th International Meshing Roundtable},
  year = {2003},
  pages = {239--250},
  publisher = {Sandia National Laboratories}
}

@TECHREPORT{overtureTR,
  author = {D. L. Brown and W. D. Henshaw and D. J. Quinlan},
  title = {Overture: Object-oriented tools for overset grid applications},
  institution = {Lawrence Livermore National Laboratory},
  year = {1999},
  note = {UCRL-JC-134018},
  annote = {Research Report for the AIAA converence on Applied Aerodyanmics}
}

@MANUAL{pact93,
  title = {{PACT} user's guide},
  author = {S.A. Brown},
  organization = {Lawrence Livermore National Laboratory},
  year = {1993},
  note = {UCRL-MA-112087},
  annote = {{PACT} is available from \url{http://pact.llnl.gov/}}
}

@INCOLLECTION{BrLa97,
  author = {Bruaset, AR and Langtangen, HP},
  title = {A comprehensive set of tools for solving partial differential equations;
	{DIFFPACK}},
  booktitle = {Numerical Methods and Software Tools in Industrial Mathematics},
  publisher = {Brinkhauser Boston},
  year = {1997},
  pages = {61-90},
  address = {Boston, MA},
  editors = {Daehlen, M, Tveito, A.}
}

@ARTICLE{tstt:overview,
  author = {Kyle Chand and Lori Freitag Diachin and Brian Fix and Carl Ollivier-Gooch
	and E. Seegyoung Seol and Mark S. Shephard and Timothy Tautges},
  title = {Toward Interoperable Mesh, Geometry and Field Components for {PDE}
	Simulation Development},
  journal = {Engineering with Computers},
  year = {2008},
  volume = {24},
  pages = {165--182},
  number = {2}
}

@MISC{iBase-UG,
  author = {Kyle Chand and Brian Fix and Tamara Dahlgren and Lori Freitag Diachin
	and Xiaolin Li and Carl Ollivier-Gooch and Eunyoung Seol and Mark
	Shephard and Tim Tautges and Harold Trease},
  title = {The {ITAPS} {iB}ase {I}nterface},
  howpublished = {\url{http://www.itaps-scidac.org/software/documentation/iBase_userguide.pdf}},
  year = {2007},
  key = {iBase User's Guide},
  owner = {cfog},
  timestamp = {2008.08.20}
}

@MISC{iMesh-UG,
  author = {Kyle Chand and Brian Fix and Tamara Dahlgren and Lori Freitag Diachin
	and Xiaolin Li and Carl Ollivier-Gooch and Eunyoung Seol and Mark
	Shephard and Tim Tautges and Harold Trease},
  title = {The {ITAPS} {iM}esh {I}nterface},
  howpublished = {\url{http://www.itaps-scidac.org/software/documentation/iMesh_userguide.pdf}},
  year = {2007},
  key = {iMesh User's Guide},
  owner = {cfog},
  timestamp = {2008.08.20}
}

@MISC{TSTTB-UG,
  author = {Kyle Chand and Brian Fix and Tamara Dahlgren and Lori Freitag Diachin
	and Xiaolin Li and Carl Ollivier-Gooch and E. Seegyoung Seol and
	Mark S. Shephard and Tim Tautges and Harold Trease},
  title = {The {TSTTB} {I}nterface},
  howpublished = {\url{https://svn.scorec.rpi.edu/svn/TSTT/Documentation/TSTTB_userguide.pdf}},
  month = {November},
  year = {2005},
  key = {TSTTB User's Guide}
}

@MISC{TSTTM-UG,
  author = {Kyle Chand and Brian Fix and Tamara Dahlgren and Lori Freitag Diachin
	and Xiaolin Li and Carl Ollivier-Gooch and E. Seegyoung Seol and
	Mark S. Shephard and Tim Tautges and Harold Trease},
  title = {The {TSTTM} {I}nterface},
  howpublished = {\url{https://svn.scorec.rpi.edu/svn/TSTT/Documentation/TSTTM_userguide.pdf}},
  month = {November},
  year = {2005},
  key = {TSTTM User's Guide}
}

@INPROCEEDINGS{VisIt2005,
  author = {Childs, H. and Brugger, E. and Bonnell, K. and Meredith, J. and Miller,
	M. and Whitlock, B. and Max, N.},
  title = {A contract based system for large data visualization},
  booktitle = {Proceedings of IEEE Visualization 2005},
  year = {2005},
  owner = {cfog},
  timestamp = {2008.07.17}
}

@ARTICLE{CiOr00,
  author = {Cirak, F. and Ortiz, M. and P. Schroder},
  title = {Subdivision surfaces: a new paradigm for thin shell finite-element
	analysis},
  journal = {International Journal of Numerical Methods in Engineering},
  year = {2000},
  volume = {47},
  pages = {2039-2072}
}

@MANUAL{babel,
  title = {Babel User's Guide},
  author = {T. Dahlgren and T. Epperly and G. Kumfert},
  organization = {{CASC}, Lawrence Livermore National Laboratory},
  edition = {version 0.9.0},
  month = {January},
  year = {2004}
}

@MANUAL{babel:usersguide05,
  title = {Babel User`s Guide},
  author = {Tamara Dahlgren and Thomas Epperly and Gary Kumfert and James Leek},
  organization = {{CASC}, Lawrence Livermore National Laboratory},
  address = {Livermore, California},
  edition = {version 0.10.10},
  year = {2005},
  key = {Babel Guide}
}

@MANUAL{usersguide04,
  title = {Babel User`s Guide},
  author = {Tamara Dahlgren and Thomas Epperly and Gary Kumfert and James Leek},
  organization = {{CASC}, Lawrence Livermore National Laboratory},
  address = {Livermore, California},
  edition = {version 0.9.4},
  year = {2004},
  key = {Babel Guide}
}

@INPROCEEDINGS{dahlgren:sehpcs05,
  author = {Tamara L.~Dahlgren and Premkumar T.~Devanbu},
  title = {Improving Scientific Software Component Quality Through Assertions},
  booktitle = {Proceedings of the Second International Workshop on Software Engineering
	for High Performance Computing System Applications},
  year = {2005},
  pages = {73-77},
  address = {St. Louis, Missouri},
  month = may,
  note = {Also available as Lawrence Livermore National Laboratory Technical
	Report UCRL-CONF-211000, Livermore, CA, 2005},
  howpublished = {\url{http://csdl.ics.hawaii.edu/se-hpcs/papers/sehpcs-proceedings.pdf}}
}

@INPROCEEDINGS{dahlgren:sehpcs04,
  author = {Tamara L.~Dahlgren and Premkumar T.~Devanbu},
  title = {Adaptable Assertion Checking for Scientific Software Components},
  booktitle = {Proceedings of the Workshop on Software Engineering for High Performance
	Computing System Applications},
  year = {2004},
  pages = {64-69},
  address = {Edinburgh, Scotland},
  month = {May 24,},
  note = {Also available as Lawrence Livermore National Laboratory Technical
	Report UCRL-CONF-202898, Livermore, CA, 2004}
}

@TECHREPORT{dahlgren:study04,
  author = {Tamara L.~Dahlgren and Premkumar T.~Devanbu},
  title = {An Empirical Comparison of Adaptive Assertion Enforcement Performance},
  institution = {Lawrence Livermore National Laboratory},
  year = {2004},
  number = {UCRL-CONF-206305},
  address = {Livermore, California},
  month = sep
}

@ARTICLE{Devine2002,
  author = {Karen Devine and Erik Boman and Robert Heaphy and Bruce Hendrickson
	and Courtenay Vaughan},
  title = {{Zoltan} Data Management Services for Parallel Dynamic Applications},
  journal = {Computers in Science and Engineering},
  year = {2002},
  volume = {4},
  pages = {90--97},
  number = {2},
  owner = {cfog},
  timestamp = {2008.06.09}
}

@ARTICLE{De97,
  author = {Devloo, PRB},
  title = {{PZ}: an object oriented environment for scientific programming},
  journal = {Comp. Meth. Appl. Mech. Engng.},
  year = {1997},
  volume = {150},
  pages = {133-153},
  number = {(1-4)}
}

@ARTICLE{DeOB01,
  author = {Dey, S. and O'Bara, R.M. and Shephard, M.S.},
  title = {Curvilinear mesh generation in 3D},
  journal = {Computer-Aided Design},
  year = {2001},
  volume = {33},
  pages = {199-209}
}

@ARTICLE{DoLa96,
  author = {Donescu, P and Laursen, TA},
  title = {A generalized object oriented approach to solving ordinary and partial
	differential equations using finite elements},
  journal = {Finite Elements in Analysis and Design},
  year = {1996},
  volume = {22},
  pages = {93-107}
}

@MISC{eispack,
  author = {EISPACK},
  title = {EISPACK webpage},
  howpublished = {\url{http://www.netlib.org/eispack/}},
  year = {2004},
  __markedentry = {[cfog]},
  key = {EISPACK}
}

@ARTICLE{FixGlimm,
  author = {B. Fix and J. Glimm and X. Li and Y. Li and X. Liu and R. Samulyak
	and Z. Xu},
  title = {{A TSTT integrated FronTier code and its applications in computational
	fluid physics}},
  journal = {Journal of Physics: Conf. Series},
  year = {2005},
  volume = {16},
  pages = {471 - 475}
}

@ARTICLE{Freitag1997,
  author = {Lori A. Freitag and Carl F. Ollivier-Gooch},
  title = {Tetrahedral Mesh Improvement Using Swapping and Smoothing},
  journal = {International Journal for Numerical Methods in Engineering},
  year = {1997},
  volume = {40},
  pages = {3979--4002},
  number = {21},
  annote = {Received: 8 November 1996; Revised: 20 March 1997},
  owner = {cfog},
  timestamp = {2008.06.09}
}

@INPROCEEDINGS{GeLe04,
  author = {Ge, L. and Lee, L and Zenghai, L. and Ng, C. and Ko, K. and Luo,
	Y and Shephard, M.S.},
  title = {Adaptive Mesh Refinement for High Accuracy Wall Loss Determination
	in Accelerating Cavity Design},
  booktitle = {{IEEE Conference} on Electromagnetic Field Computations},
  year = {2004},
  month = {June}
}

@INPROCEEDINGS{UAB-API,
  author = {S. Gopalsamy and D. Ross and A. Shih},
  title = {{API} for Grid Generation Over Topological Models},
  booktitle = {Proceedings of the 13th International Meshing Roundtable},
  year = {2004},
  note = {\url{http://www.imr.sandia.gov/papers/imr13/gopalsamy.pdf}}
}

@INCOLLECTION{GuCh90,
  author = {Gursoz, E.L. and Choi, Y. and Prinz, F.B.},
  title = {Vertex-Based Representation of Non-Manifold Boundaries},
  booktitle = {Geometric Modeling Product Engineering},
  publisher = {North Holland},
  year = {1990},
  pages = {107-130},
  address = {Amsterdam},
  editors = {Wozny, MJ and Turner, JU and Preiss, K}
}

@MISC{overture:http,
  author = {William D. Henshaw and Kyle K. Chand},
  title = {Object-Oriented Tools for Solving {PDE}s in Complex Geometries},
  howpublished = {\url{http://www.llnl.gov/casc/Overture}},
  year = {2005},
  key = {Overture}
}

@BOOK{Hu00,
  title = {The Finite Element Method: Linear Static and Dynamic Finite Element
	Analysis},
  publisher = {Dover},
  year = {2000},
  author = {Hughes, T.J.R.}
}

@MISC{simmetrix,
  author = {Simmetrix Inc.},
  title = {Simulation Modeling Suite},
  howpublished = {\url{http://www.simmetrix.com/}},
  year = {2004}
}

@MISC{spatial,
  author = {Spatial Inc.},
  howpublished = {{\url{http://www.spatial.com/components/acis/}}},
  year = {2004}
}

@BOOK{Fl04,
  title = {{DEFORM-3D Version 5.0 User's Manual}},
  publisher = {Scientific Forming Technologies Corporation},
  year = {2004},
  author = {Fluhrer J}
}

@ARTICLE{keahey00ligature,
  author = {K. Keahey and P. Beckman and J. Ahrens},
  title = {Ligature: Component Architecture for High Performance Applications},
  journal = {Intl. J. High-Perf. Computing Appl.},
  year = {2000},
  volume = {14},
  pages = {347--356},
  number = {4},
  month = {Winter},
  url = {citeseer.nj.nec.com/234144.html}
}

@ARTICLE{ccachem,
  author = {J. P. Kenny and S. J. Benson and Y. Alexeev and J. Sarich and C.
	L. Janssen and L. C. McInnes and M. Krishnan and J. Nieplocha and
	E. Jurrus and C. Fahlstrom and T. L. Windus},
  title = {Component-Based Integration of Chemistry and Optimization Software},
  journal = {J. of Computational Chemistry},
  year = {2004},
  volume = {25},
  pages = {1717-1725},
  number = {14}
}

@ARTICLE{KlSh00,
  author = {Klaas, O. and Shephard, M.S.},
  title = {Automatic generation of octree-based three-dimensional discretizations
	for partition of unity methods},
  journal = {Computational Mechanics},
  year = {2000},
  volume = {25},
  pages = {296-304},
  number = {(2-3)}
}

@ARTICLE{KrOr01,
  author = {Krysl, P. and Ortiz, M.},
  title = {Extraction of boundary representation from surface triangulations},
  journal = {International Journal of Numerical Methods in Engineering},
  year = {2001},
  volume = {50},
  pages = {1737-1758}
}

@MISC{lapack,
  author = {LAPACK},
  title = {LAPACK webpage},
  howpublished = {\url{http://www.netlib.org/lapack/}},
  year = {2004},
  __markedentry = {[cfog]},
  key = {LAPACK}
}

@INPROCEEDINGS{Larson:2004:CCO,
  author = {J. W. Larson and B. Norris and E. T. Ong and D. E. Bernholdt and
	J. B. Drake and W. R. Elwasif and M. W. Ham and C. E. Rasmussen and
	G. Kumfert and D. S. Katz and S. Zhou and C. DeLuca and N. S. Collins},
  title = {Components, the {Common Component Architecture}, and the Climate/Weather/Ocean
	Community},
  booktitle = {84th American Meteorological Society Annual Meeting},
  year = {2004},
  address = {Seattle, Washington},
  month = {11--15 January},
  organization = {American Meteorological Society}
}

@INPROCEEDINGS{mit2003,
  author = {S. Lefantzi and J. Ray},
  title = {A Component-based Scientific Toolkit for Reacting Flows},
  booktitle = {Proceedings of the Second MIT Conference on Computational Fluid and
	Solid Mechanics, June 17-20, 2003, Cambridge, MA},
  year = {2003},
  volume = {2},
  pages = {1401--1405},
  publisher = {Elsevier}
}

@INPROCEEDINGS{ipdps2003,
  author = {S. Lefantzi and J. Ray and H. N. Najm},
  title = {Using the {Common Component Architecture} to Design High Performance
	Scientific Simulation Codes},
  booktitle = {Proceedings of the 17th International Parallel and Distributed Processing
	Symposium (IPDPS 2003), 22-26 April 2003, Nice, France},
  year = {2003},
  publisher = {IEEE Computer Society}
}

@ARTICLE{LiSh05,
  author = {Li, X. and Shephard, M.S. and Beall, M.W.},
  title = {{3D} Anisotropic Mesh Adaptation by Mesh Modifications},
  journal = {Comp. Meth. Appl. Mech. Engng.},
  year = {2005},
  volume = {194},
  pages = {4915--4950},
  number = {48--49}
}

@ARTICLE{LiSh03,
  author = {Li, X. and Shephard, M.S. and Beall, M.W.},
  title = {Accounting for curved domains in mesh adaptation},
  journal = {International Journal for Numerical Methods in Engineering},
  year = {2003},
  volume = {58},
  pages = {246--276}
}

@MISC{linpack,
  author = {LINPACK},
  title = {LINPACK webpage},
  howpublished = {\url{http://www.netlib.org/linpack/}},
  year = {2004},
  __markedentry = {[cfog]},
  key = {LINPACK}
}

@INPROCEEDINGS{LuSh02,
  author = {Luo, X. and Shephard, M.S. and Remacle, J.-F. and O'Bara, R.M. and
	Beall, M.W. and Szabo, B.A. and Actis, R.},
  title = {p-Version Mesh Generation Issues},
  booktitle = {Proceedings of the 11th International Meshing Roundtable},
  year = {2002},
  pages = {343-354},
  publisher = {Sandia National Laboratories}
}

@INBOOK{mcinnes05,
  chapter = {Parallel PDE-Based Simulations Using the Common Component Architecture},
  title = {Numerical Solution of Partial Differential Equations on Parallel
	Computers},
  publisher = {Springer-Verlag},
  year = {2005},
  editor = {Are Magnus Bruaset and Peter Bjorstad and Aslak Tveito},
  author = {Lois Curfman McInnes and Benjamin A.~Allan and Robert Armstrong and
	Steven J.~Benson and David E.~Bernholdt and Tamara L.~Dahlgren and
	Lori Freitag Diachin and Manojkumar Krishnan and James A.~Kohl and
	J.~Walter Larson and Sophia Lefantzi and Jarek Nieplocha and Boyana
	Norris and Steven G.~Parker and Jaideep Ray and Shujia Zhou},
  note = {Also available as Argonne National Laboratory technical report ANL/MCS-P1179-0704.}
}

@BOOK{mort97,
  title = {Geometric Modeling},
  publisher = {John Wiley and Sons, Inc.},
  year = {1997},
  author = {Michael E. Mortenson},
  edition = {Second}
}

@ARTICLE{norris02,
  author = {B. Norris and S. Balay and S. Benson and L. Freitag and P. Hovland
	and L. McInnes and B. Smith},
  title = {Parallel Components for {PDEs} and Optimization: Some Issues and
	Experiences},
  journal = {Parallel Computing},
  year = {2002},
  volume = {28},
  pages = {1811--1831},
  number = {12}
}

@ARTICLE{OBSh02,
  author = {O'Bara, R.M. and Beall, M.W. and Shephard, M.S.},
  title = { Attribute Management System for Engineering Analysis},
  journal = {Engineering with Computers},
  year = {2002},
  volume = {18},
  pages = {339-351},
  number = {4}
}

@ARTICLE{Ollivier-Gooch2009,
  author = {Carl Ollivier-Gooch},
  title = {A Data-Structure-Independent Mesh Swapping Service},
  journal = {Advances in Engineering Software},
  year = {2009},
  volume = {Submitted}
}

@MISC{TSTT-swap-tool,
  author = {Carl Ollivier-Gooch},
  title = {A Mesh-Database-Independent Edge- and Face-Swapping Tool},
  howpublished = {AIAA Paper 2006-0533. Presented at the 44th AIAA Aerospace Sciences
	Meeting},
  month = Jan,
  year = {2006}
}

@MISC{TSTT-reno06,
  author = {Carl Ollivier-Gooch and Kyle Chand and Brian Fix and Tamara Dahlgren
	and Lori Freitag Diachin and Jason Kraftcheck and Xiaolin Li and
	E. Seegyoung Seol and Mark S. Shephard and Tim Tautges and Harold
	Trease},
  title = {The {TSTT} {M}esh {I}nterface},
  howpublished = {AIAA Paper 2006-0529. Presented at the 44th AIAA Aerospace Sciences
	Meeting},
  month = Jan,
  year = {2006}
}

@MISC{GRUMMP:http,
  author = {Carl F. Ollivier-Gooch},
  title = {{GRUMMP} --- {G}eneration and {R}efinement of {U}nstructured, {M}ixed-Element
	{M}eshes in {P}arallel},
  howpublished = {\url{http://tetra.mech.ubc.ca/GRUMMP}},
  year = {1998--2005},
  annote = {special:1998-2005}
}

@MISC{Ollivier-Gooch1998,
  author = {Carl F. Ollivier-Gooch},
  title = {An Unstructured Mesh Improvement Toolkit with Application to Mesh
	Improvement, Generation and (De-)Refinement},
  howpublished = {AIAA 98-0218},
  month = jan,
  year = {1998},
  annote = {conf:abs:1998},
  owner = {cfog},
  presented = {#reno98#},
  timestamp = {2008.06.09}
}

@MISC{Ollivier-Gooch1998a,
  author = {Carl F. Ollivier-Gooch},
  title = {A General Toolkit for Unstructured Mesh Generation, Refinement, and
	Improvement},
  month = aug,
  year = {1998},
  note = {Presented at Irregular '98, Berkeley, CA.},
  annote = {conf:abs:1998},
  owner = {cfog},
  timestamp = {2008.06.09}
}

@INPROCEEDINGS{OwWh01,
  author = {Owen, S.J. and White D.R.},
  title = {Mesh-based geometry: A systematic approach to constructing geometry
	from a finite element mesh},
  booktitle = {Proceedings of the 10th International Meshing Roundtable, Sandia
	report SAND 2001-2967Cn},
  year = {2001},
  pages = {83-96},
  publisher = {Sandia National Laboratories}
}

@ARTICLE{PaOr02,
  author = {Pandofi, A. and Ortiz, M.},
  title = {An efficient procedure for fragmentation simulations},
  journal = {Engineering With Computers},
  year = {2002},
  volume = {18},
  pages = {148-159},
  number = {2}
}

@INPROCEEDINGS{SGP:Parker02,
  author = {S. G. Parker},
  title = {A Component-Based Architecture for Parallel Multi-physics {PDE} Simulation},
  booktitle = {Proceedings of the International Conference on Computational Science-Part
	III},
  year = {2002},
  pages = {719--734},
  publisher = {Springer-Verlag},
  isbn = {3-540-43594-8}
}

@ARTICLE{ReSh03,
  author = {Remacle, J.-F. and Shephard, M.S.},
  title = {An algorithm oriented mesh database},
  journal = {International Journal for Numerical Methods in Engineering},
  year = {2003},
  volume = {58},
  pages = {349-374}
}

@ARTICLE{ShFl05,
  author = {Shephard, M.S. and Flaherty, J.E. and Jansen, K.E. and Li, X. and
	Luo, X.-J. and Chevaugeon, N. and Remacle, J.-F. and Beall, M.W.
	and O'Bara, R.M.},
  title = {Adaptive mesh generation for curved domains},
  journal = {Applied Numerical Mathematics},
  year = {2005},
  volume = {52},
  pages = {251--271},
  number = {2--3},
  owner = {cfog},
  timestamp = {2008.07.17}
}

@ARTICLE{ShGe92,
  author = {Shephard, M.S. and Georges, M.K.},
  title = {Reliability of Automatic {3-D} Mesh Generation},
  journal = {Comp. Meth. Appl. Mech. and Engng.},
  year = {1992},
  volume = {101},
  pages = {443-462}
}

@ARTICLE{geoclas,
  author = {Mark S. Shephard},
  title = {Meshing environment for geometry-based analysis},
  journal = {Int. J. Numer. Meth. Engng.},
  year = {2000},
  volume = {47},
  pages = {169--190}
}

@TECHREPORT{cvode_sandia_report,
  author = {K. Smith and J. Ray and B. A. Allan},
  title = {{CVODE} Component User Guidelines},
  institution = {Sandia National Laboratory},
  year = {2003},
  number = {SAND2003-8276},
  month = May
}

@INPROCEEDINGS{UGC-v2:paper,
  author = {J. Steinbrenner and T. Michal and J. Abelanet},
  title = {An Industry Specification for Mesh Generation Software},
  booktitle = {Proceedings of the 17th AIAA Computational Fluid Dynamics Conference},
  year = {2005},
  publisher = {American Institute for Aeronautics and Astronautics}
}

@ARTICLE{StEd04,
  author = {Steward, J.R. and Edwards, H.C.},
  title = {A framework approach for developing parallel adaptive multiphysics
	applications},
  journal = {Finite Elements in Analysis and Design},
  year = {2004},
  volume = {40},
  pages = {1599-1617},
  number = {12}
}

@INPROCEEDINGS{Ta00,
  author = {Tautges, T.J.},
  title = {The common geometry module {(CGM)}: A generic, extensible geometry
	interface},
  booktitle = {Proceedings of the 9th International Meshing Roundtable, Sandia report
	{SAND 2000-2207}},
  year = {2000},
  pages = {337-359},
  publisher = {Sandia National Laboratories}
}

@MISC{moab:http,
  author = {T. J. Tautges},
  title = {{MOAB}: {A} {M}esh-{O}riented dat{AB}ase},
  howpublished = {\url{http://cubit.sandia.gov/MOAB}},
  year = {2004},
  key = {{MOAB}}
}

@ARTICLE{Tau01,
  author = {T. J. Tautges},
  title = {{CGM}: A Geometry Interface for mesh generation, analysis and other
	applications},
  journal = {Engineering with Computers},
  year = {2001},
  volume = {17},
  pages = {299--314},
  number = {3}
}

@INPROCEEDINGS{moab,
  author = {Tautges, Timothy J. and Meyers, Ray E. and Merkley, Karl and Stimpson,
	Clint and Ernst, Corey},
  title = {{MOAB}: A Mesh-Oriented Data Base},
  booktitle = {Sandia report SAND 2004-1592},
  year = {2004},
  publisher = {Sandia National Laboratories}
}

@MISC{nwgrid:http,
  author = {Harold Trease and Lynn Trease},
  title = {{N}orth{W}est {G}rid {G}eneration {C}ode},
  howpublished = {\url{http://www.emsl.pnl.gov/nwgrid/index_nwgrid.html}},
  year = {2004},
  key = {NWGrid}
}

@INCOLLECTION{Walshaw2007,
  author = {C. Walshaw and M. Cross},
  title = {JOSTLE: Parallel Multilevel Graph-Partitioning Software --- An Overview},
  booktitle = {Mesh Partitioning Techniques and Domain Decomposition Techniques},
  publisher = {Civil-Comp Ltd.},
  year = {2007},
  editor = {F. Magoules},
  pages = {27--58},
  abstract = {In this chapter we look at JOSTLE, the multilevel graph-partitioning
	software package, and highlight some of the key research issues that
	it addresses. We first outline the core algorithms and place it in
	the context of the multilevel refinement paradigm. We then look at
	issues relating to its use as a tool for parallel processing and,
	in particular, partitioning in parallel. Since its first release
	in 1995, JOSTLE has been used for many mesh-based parallel scientific
	computing applications and so we also outline some enhancements such
	as multiphase mesh-partitioning, heterogeneous mapping and partitioning
	to optimise subdomain shape.},
  owner = {cfog},
  timestamp = {2008.06.09}
}

@ARTICLE{WaKo05,
  author = {Wan, J. and Kocak, S. and Shephard, M.S.},
  title = {Automated adaptive {3D} forming simulation process},
  journal = {Engineering with Computers},
  year = {2005},
  volume = {21},
  pages = {47--75},
  number = {1}
}

@ARTICLE{WaSh05,
  author = {Wan, J. and Kocak, S and Shephard, M.S. and Mika, D.},
  title = {Automated adaptive forming simulations},
  journal = {to appear Engineering with Computers},
  year = {2005}
}

@INCOLLECTION{We88,
  author = {Weiler, K.J.},
  title = {The radial-edge structure: A topological representation for non-manifold
	geometric boundary representations},
  booktitle = {Geometric modeling for CAD applications},
  publisher = {North Holland},
  year = {1988},
  pages = {3-36},
  address = {Amsterdam},
  editors = {M.J. Wozny, H.W. McLaughlin, J.L. Encarnacao}
}

@INPROCEEDINGS{Zhou:2003:PEC,
  author = {S. Zhou and A. da Silva and B. Womack and G. Higgins},
  title = {Prototyping the {ESMF} Using {DOE}'s {CCA}},
  booktitle = {NASA Earth Science Technology Conference 2003},
  year = {2003},
  address = {College Park, MD},
  month = {24--26 June}
}

@MISC{ParMETIS,
  title = {{ParMETIS} --- Parallel Graph Partitioning and Fill-reducing Matrix
	Ordering},
  howpublished = {http://glaros.dtc.umn.edu/gkhome/metis/parmetis/overview},
  year = {2006--2008},
  key = {ParMETIS},
  owner = {cfog},
  timestamp = {2008.06.09}
}

@MISC{itaps:http,
  title = {The {I}nteroperable {T}echnologies for {A}dvanced {P}etascale {S}imulations
	({ITAPS}) {C}enter},
  howpublished = {\url{http://www.itaps-scidac.org}},
  year = {2007},
  key = {ITAPS Software Webpage}
}

@MISC{abaqus,
  title = {ABAQUS webpage},
  howpublished = {\url{http://www.abaqus.com/}},
  year = {2005},
  key = {Abaqus}
}

@MISC{ansys:http,
  title = {{ANSYS} webpage},
  howpublished = {\url{http://www.ansys.com}},
  year = {2005},
  key = {ANSYS}
}

@MISC{babel:site05,
  title = {Babel website},
  howpublished = {\url{http://www.llnl.gov/CASC/components/babel.html}},
  year = {2005},
  note = {{Lawrence Livermore National Laboratory}},
  key = {Babel Site}
}

@MISC{fluent:http,
  title = {Fluent webpage},
  howpublished = {\url{http://www.fluent.com}},
  year = {2005},
  key = {Fluent}
}

@MISC{UGC-web,
  title = {The {U}nstructured {G}rid {C}onsortium},
  howpublished = {\url{http://www.aiaa.org/tc/mvce/ugc/}},
  year = {2005},
  key = {UGC Consortium}
}

@MISC{babel:site04,
  title = {Babel website},
  howpublished = {\url{http://www.llnl.gov/CASC/components/babel.html}},
  year = {2004},
  note = {{Lawrence Livermore National Laboratory}},
  key = {Babel Site}
}

@MISC{cca-forum,
  title = {{CCA Forum} homepage},
  howpublished = {\url{http://www.cca-forum.org/}},
  year = {2004},
  key = {{CCA Forum homepage}}
}

@MISC{cgns:homepage,
  title = {{CFD} {G}eneral {N}otation {S}ystem Homepage},
  howpublished = {\url{http://www.cgns.org/}},
  month = {December},
  year = {2004},
  note = {Version 2.4},
  key = {CFD General Notation System}
}

@MISC{cgns2002,
  title = {{CFD} {G}eneral {N}otation {S}ystem ({CGNS}): {S}tatus and Future Directions},
  author = {S. M. Legensky and D. E. Edwards and R. H. Bush and D. M. A. Poirier and C. L. Rumsey and R. R. Cosner and C. E. Towne},
  howpublished = {AIAA Paper 2002-0752},
  year = {2002},
  note = {Presented at the 40th AIAA Aerospace Sciences Meeting}
}

@MISC{hdf5:homepage,
  title = {{H}ierarchical {D}ata {F}ormat ({HDF5}) Homepage},
  howpublished = {\url{http://www.hdfgroup.org/HDF5/index.html}},
  year = {2008},
  key = {HDF5}
}

@MISC{hdf5:meshAPI,
  title = {{HDF5} Mesh {API}},
  howpublished = {\url{http://www.hdfgroup.uiuc.edu/papers/prototypes/mesh/}},
  year = {2007},
  key = {HDF5 Mesh API}
}

@MISC{femlab,
  title = {FEMLAB webpage},
  howpublished = {\url{http://www.comsol.com/}},
  year = {2004},
  key = {FEMLAB}
}

@MISC{kiva:http,
  title = {Kiva webpage},
  howpublished = {\url{http://www.lanl.gov/orgs/t/t3/codes/kiva.shtml}},
  year = {2003},
  key = {Kiva}
}

@MISC{Jostle,
  title = {{JOSTLE} --- Graph Partitioning Software},
  howpublished = {http://staffweb.cms.gre.ac.uk/~c.walshaw/jostle/},
  year = {2002},
  key = {Jostle},
  owner = {cfog},
  timestamp = {2008.06.09}
}

@MISC{UGC-v1,
  title = {{Unstructured Grid Consortium Standards Document}},
  howpublished = {\url{http://www.aiaa.org/tc/mvce/ugc/ugcstandv1.pdf}},
  year = {2002},
  key = {UGC Consortium}
}

