%[1]
@misc{abaqus,
   author={ABAQUS webpage}, 
   year=2004,
   title={http://www.abaqus.com/}
}

%[2]
@book{AsPe98,
  author= {Ascher, U and Petzold, L.}, 
  title = { Computer Methods for Ordinary Differential Equations 
and Differential-Algebraic Equations},
  publisher={SIAM},
  address="Philadelphia",
  year=1998
}

%[3]
@misc{petsc,
  author={Balay, S. and Buschelman, K. and Gropp, W.D. Kaushik, D. and Knepley, M.
          and McInnes, L.C. Smith, B.F. and Zhang, H.},
  title="{PETSc} home page", 
  year = 2004,
  howpublished = {http://www.mcs.anl.gov/petsc}
}


%[4]	
@incollection{BaGr97,
 author={Balay, S. and Gropp, W.D. and McInnes, L.C. and Smith, B.F.},
 title={Efficient Management of Parallelism in Object-Oriented Numerical 
        Software Libraries},
 booktitle="Modern Software Tools in Scientific Computing", 
 editor="E. Arge, A.M. Bruaset and H.P. Langtangen",
 publisher="Birkhauser Press", 
 pages="163-202",
 year=1997
}

%[5]	
@article{BeSh97,
 author="Beall, M.W. and Shephard, M.S.",
 title="A General Topology-Based Mesh Data Structure", 
 journal="International Journal of Numerical Methods in Engineering",
 volume= 40,
 number=9,
 pages = "1573-1596",
 year=1997
}

%[6]	
@article{BeSh99,
 author="Beall, M.W. and Shephard, M.S.",
 title="An Object-Oriented Framework for Reliable Numerical Simulations", 
 journal="Engineering with Computers", 
 volume = 15,
 number =1,
 pages="61-72",
 year=1999
}

%[7]	
 @article{BeWa04,
 author="Beall, M.W. and Walsh, J. and Shephard, M.S.",
 title="Accessing CAD Geometry for Mesh Generation", 
 journal="Engineering with Computers",
 volume=20,
 number=3,
 pages="210-221",
 year=2004
}

%[8]
@book{BeSo83,
 author="Beju, I. and Soos, E. and Teodorescu, P.P.",
 title="Euclidean Tensor Calculus with Applications",
 publisher="Abacus Press",
 year=1983
}

%[9]
@incollection{BrLa97,
 author="Bruaset, AR and Langtangen, HP",
 title="A comprehensive set of tools for solving partial 
differential equations; {DIFFPACK}", 
 editors="Daehlen, M, Tveito, A.", 
 booktitle="Numerical Methods and Software Tools in Industrial Mathematics", 
 publisher="Brinkhauser Boston", 
 address="Boston, MA", 
 pages="61-90",
 year=1997
}

%[10]
@article{CiOr00,
 author="Cirak, F. and Ortiz, M. and Schroder",
 title="Subdivision surfaces: a new paradigm for thin 
shell finite-element analysis",
 journal="International Journal of Numerical Methods in Engineering",
 volume=47,
 pages="2039-2072",
 year=2000
}

%[11]
@article{DoLa96,
 author="Donescu, P and Laursen, TA",
 title="A generalized object oriented approach to solving 
ordinary and partial differential equations using finite elements",
 journal="Finite Elements in Analysis and Design", 
 volume=22,
 pages="93-107",
 year=1996
}


%[12]	
@article{De97,
 author="Devloo, PRB",
 title="{PZ}: an object oriented environment for scientific programming",
 journal="Comp. Meth. Appl. Mech. Engng.", 
 volume="150",
 number="(1-4)",
 pages="133-153",
 year=1997
}

%[13]	
@misc{eispack,
 author="EISEPACK webpage",
 howpublished={http://www.netlib.org/eispack/},
 year=2004
}nn

%[14]	
@misc{femlab,
 author={FEMLAB webpage},
 howpublished={http://www.comsol.com/},
 year=2004
}

%[15]
@incollection{GuCh90,
 author="Gursoz, E.L. and Choi, Y. and Prinz, F.B.",
 title="Vertex-Based Representation of Non-Manifold Boundaries", 
 booktitle="Geometric Modeling Product Engineering",
 editors="Wozny, MJ and Turner, JU and Preiss, K", 
 publisher="North Holland", 
 address="Amsterdam",
 pages="107-130",
 year=1990
}

%[16]	
@book{Hu00,
 author="Hughes, T.J.R.",
 title="The Finite Element Method: Linear Static and Dynamic Finite Element Analysis",
 publisher="Dover",
 year=2000
}

%[17]	
@article{KrOr01,
 author="Krysl, P. and Ortiz, M.",
 title="Extraction of boundary representation from surface triangulations", 
 journal="International Journal of Numerical Methods in Engineering", 
 volume=50,
 pages="1737-1758",
 year=2001
}

%[18]
@misc{lapack,
 author="LAPACK webpage",
 howpublished="{http://www.netlib.org/lapack/}",
 year=2004
}

%[19]
@misc{linpack,
 author="LINPACK webpage",
 howpublished="{http://www.netlib.org/linpack/}",
 year=2004,
}

%[20]
@inproceedings{LuSh02,
 author="Luo, X. and Shephard, M.S. and Remacle, J.-F. and O'Bara, R.M. and 
         Beall, M.W. and Szab, B.A. and  Actis, R.",
 title="p-Version Mesh Generation Issues", 
 booktitle="Proceedings of the 11th International Meshing Roundtable", 
 publisher="Sandia National Laboratories", 
 pages="343-354", 
 year=2002
} 

%[21]
@article{OBSh02,
 author="O'Bara, R.M. and Beall, M.W. and Shephard, M.S." ,
 title=" Attribute Management System for Engineering Analysis", 
 journal="Engineering with Computers",
 volume=18,
 number=4,
 pages="339-351",
 year=2002
}

%[22]	
@inproceedings{OwWh01,
 author="Owen, S.J. and White D.R.",
 title="Mesh-based geometry: A systematic approach to constructing geometry 
        from a finite element mesh", 
 booktitle="Proceedings of the 10th International Meshing Roundtable,
            Sandia report SAND 2001-2967Cn",
 publisher="Sandia National Laboratories",
 pages="83-96",
 year=2001
}

%[23]	
@article{PaOr02,
 author="Pandofi, A. and Ortiz, M.",
 title="An efficient procedure for fragmentation simulations", 
 journal="Engineering With Computers",
 volume=18,
 number=2,
 pages="148-159",
 year=2002
}

%[24]
@article{ShGe92,
 author="Shephard, M.S. and Georges, M.K.", 
 title="Reliability of Automatic 3-D Mesh Generation", 
 journal="Comp. Meth. Appl. Mech. and Engng.",
 volume=101,
 pages="443-462",
 year=1992
}

%[25]	
@article{StEd04,
 author="Steward, J.R. and Edwards, H.C.", 
 title="A framework approach for developing parallel adaptive multiphysics 
        applications", 
 journal="Finite Elements in Analysis and Design",
 volume=40,
 number=12,
 pages="1599-1617",
 year=2004
}

%[26]	
@inproceedings{Ta00,
 author="Tautges, T.J.", 
 title="The common geometry module {(CGM)}: A generic, extensible geometry 
        interface", 
 booktitle="Proceedings of the 9th International Meshing Roundtable,
            Sandia report {SAND 2000-2207}", 
 publisher="Sandia National Laboratories",
 pages="337-359", 
 year=2000
}

%[27]	
@article{WaSh05,
 author="Wan, J. and Kocak, S and Shephard, M.S. and Mika, D.", 
 title="Automated adaptive forming simulations", 
 journal="to appear Engineering with Computers",
 year=2005
}

%[28]	
@incollection{We88,
 author="Weiler, K.J.",
 title="The radial-edge structure: A topological representation for non-manifold
        geometric boundary representations", 
 editors="M.J. Wozny, H.W. McLaughlin, J.L. Encarnacao", 
 booktitle="Geometric modeling for CAD applications", 
 publisher="North Holland",
 address="Amsterdam",
 pages="3-36",
 year=1988
}

%[37]
@article{DeOB01,
  author="Dey, S. and O'Bara, R.M. and Shephard, M.S.",
  title="Curvilinear mesh generation in 3D", 
  journal="Computer-Aided Design", 
  volume=33,
  pages="199-209",
  year=2001 
}


%[38]
@article{KlSh00,
 author="Klaas, O. and Shephard, M.S.", 
 title="Automatic generation of octree-based three-dimensional discretizations 
        for partition of unity methods", 
 journal="Computational Mechanics", 
 volume=25,
 number="(2-3)",
 pages="296-304",
 year=2000
}


%adaptive loop refs
%[1]	
@book{AiOd00,
 author="Ainsworth, M. and Oden, J.T.",
 year=2000,
 title="A Posteriori Error Estimation in Finite Element Analysis",
 publisher="Wiley-Interscience, John Wiley and Sons"
} 

%[2]
@book{BaSt01,
 author="Babuska, I. and Strouboulis T.",
 year="2001",
 title="The Reliability of the FE Method",
 publisher="Oxford Press"
}

%[3]
@incollection{BaRa03,
 author="Bangerth, W. and Rannacher, R.",
 year=2003,
 title="Adaptive Finite Element Methods for Differential Equations",
 booktitle="Lectures in Mathematics VIII",
 volume=207,
 publisher="Birkhauser"
}

%[6]	
@book{Fl04,
 author="Fluhrer J",
 year=2004,
 title="{DEFORM-3D Version 5.0 User's Manual}", 
 publisher="Scientific Forming Technologies Corporation"
}

%[7]
@inproceedings{GeLe04,
 author="Ge, L. and Lee, L and Zenghai, L. and Ng, C. and Ko, K. and Luo, Y and 
         Shephard, M.S.", 
 title="Adaptive Mesh Refinement for High Accuracy Wall Loss Determination 
        in Accelerating Cavity Design",
 booktitle="{IEEE Conference} on Electromagnetic Field Computations",
 month="June",
 year=2004
}

%[8]	
@article{LiSh03,
 author="Li, X. and Shephard, M.S. and Beall, M.W.", 
 title="Accounting for curved domains in mesh adaptation", 
 journal="International Journal for Numerical Methods in Engineering",
 volume=58,
 pages="246-276",
 year=2003
}

%[9]
@article{LiSh05,
 author="Li, X. and Shephard, M.S. and Beall, M.W.", 
 title="3-D Anisotropic Mesh Adaptation by Mesh Modifications",
 journal="{to appear} Comp. Meth. Appl. Mech. Engng.",
 year=2005
}

%[10]
@article{ReSh03,
 author="Remacle, J.-F. and Shephard, M.S.", 
 title="An algorithm oriented mesh database",
 journal="International Journal for Numerical Methods in Engineering",
 volume=58,
 pages="349-374",
 year=2003
}

%[11]
@misc{simmetrix,
  author="Simmetrix Inc.",
  year=2004,
  title="Simulation Modeling Suite",
  howpublished={http://www.simmetrix.com/}
}

%[12]
@misc{spatial,
 author="Spatial Inc.",
 year="2004",
 howpublished="{http://www.spatial.com/components/acis/}"
} 

%[13]	
@article{WaKo04,
 author="Wan, J. and Kocak, S. and Shephard, M.S.", 
 title="Automated adaptive 3-D forming simulation process",
 journal="to appear Engineering with Computers",
 year= 2004
}

@Manual{babel,
  title = 	 {Babel User's Guide},
  author = 	 {T. Dahlgren and T. Epperly and  G. Kumfert},
  organization = {{CASC}, Lawrence Livermore National Laboratory},
  edition = 	 {version 0.9.0},
  month = 	 {January}, 
  year = 	 2004,
}

@Misc{cca-forum,
  key = "{CCA Forum homepage}",
  year = 2004,
  title =	 {{CCA Forum} homepage},
  howpublished = {http://www.cca-forum.org/}
}

@misc{tsttSimInfoStr,
title={Simulation Information Structures},
 author={Shephard, M.S. and Fischer, P. and Chand, K.K. and Flaherty, J.E.},
 year="2003",
 howpublished={"http://tstt-scidac.org/"}
} 

@TechReport{overtureTR,
  author =       {D. L. Brown and W. D. Henshaw and D. J. Quinlan},
  title =        {Overture: Object-oriented tools for overset grid applications},
  institution =  {Lawrence Livermore National Laboratory},
  year =         {1999},
  OPTkey =       {},
  OPTtype =      {},
  OPTnumber =    {},
  OPTaddress =   {},
  OPTmonth =     {},
  note =         {UCRL-JC-134018},
  annote =       {Research Report for the AIAA converence on Applied Aerodyanmics}
}

@Article{BerColAMR88,
  author = 	 {M. Berger and P. Collela},
  title = 	 {Local adaptive mesh refinement for shock hydrodynamics},
  journal = 	 {Journal of Computational Physics},
  year = 	 {1988},
  OPTkey = 	 {},
  volume = 	 {82},
  OPTnumber = 	 {},
  pages = 	 {64-84},
  OPTmonth = 	 {},
  OPTnote = 	 {},
  OPTannote = 	 {}
}

@Article{BerOlAMR84,
  author = 	 {M. J. Berger and J. Oliger},
  title = 	 {Adaptive Mesh Refinement for Hyperbolic Partial Differential Equations},
  journal = 	 {Journal of Computational Physics},
  year = 	 {1984},
  OPTkey = 	 {},
  volume = 	 {53},
  OPTnumber = 	 {},
  pages = 	 {484-512},
  OPTmonth = 	 {},
  OPTnote = 	 {},
  OPTannote = 	 {}
}

@Manual{pact93,
  title = 	 {{PACT} User's Guide},
  OPTkey = 	 {},
  author = 	 {S.A. Brown},
  organization = {Lawrence Livermore National Laboratory},
  OPTaddress = 	 {},
  OPTedition = 	 {},
  OPTmonth = 	 {},
  year = 	 {1993},
  note = 	 {UCRL-MA-112087},
  annote = 	 {{PACT} is available from http://pact.llnl.gov/}
}


@Book{mort97,
  author = 	 {Michael E. Mortenson},
  ALTeditor = 	 {},
  title = 	 {Geometric Modeling},
  publisher = 	 {John Wiley and Sons, Inc.},
  year = 	 {1997},
  OPTkey = 	 {},
  OPTvolume = 	 {},
  OPTnumber = 	 {},
  OPTseries = 	 {},
  OPTaddress = 	 {},
  edition = 	 {Second},
  OPTmonth = 	 {},
  OPTnote = 	 {},
  OPTannote = 	 {}
}

@Misc{virtCell,
  OPTkey = {},
  year = 2005,
  title =	 {National Resource for Cell Analysis and Modeling : Math Framework},
  howpublished = {http://www.nrcam.uchc.edu/technology/math\_framework.html}
}
@Misc{pdeLab,
  OPTkey = {Problem Solving Environment for {PDE} Applications},
  year = 2005,
  title =	 {National Resource for Cell Analysis and Modeling : Math Framework},
  howpublished = {http://www.cs.purdue.edu/research/cse/pdelab}
}